@article{Knepper2012Equivalence,
   author = "Knepper, Ross Alan and Srinivasa, Siddhartha  AND Mason, Matthew T. ",
   title = "Toward a deeper understanding of motion alternatives via an equivalence relation on local paths",
   journal = "International Journal of Robotics Research",
   pages = "168-187",
   month = "February",
   year = "2012",
   volume = "31",
   number = "2"
}

@inproceedings{Cohen2011AdaptivePrimitives,
  author    = { Cohen, Benjamin J. AND
                Subramanian, Gokul AND
                Chitta, Sachin AND
                Likhachev, Maxim },
  title     = {{P}lanning for {M}anipulation with {A}daptive {M}otion {P}rimitives},
  booktitle = {IEEE International Conference on Robotics and Automation (ICRA)},
  year      = {2011},
  pages     = {5478-5485}
}


@inproceedings{Bhattacharya2011Homotopy3D, 
    author    = {Bhattacharya, Subhrajit AND Likhachev, Maxim AND Kumar, Vijay}, 
    title     = {{I}dentification and {R}epresentation of {H}omotopy {C}lasses of {T}rajectories for {S}earch-based {P}ath {P}lanning in 3{D}}, 
    booktitle = {Proceedings of Robotics: Science and Systems}, 
    year      = {2011}, 
    address   = {Los Angeles, CA, USA}, 
    month     = {June} 
}

@inproceedings{Bhattacharya2010Homotopy2D, 
    author    = {Bhattacharya, Subhrajit AND Likhachev, Maxim AND Kumar, Vijay}, 
    title     = {{S}earch-{B}ased {P}ath {P}lanning with {H}omotopy {C}lass {C}onstraints}, 
    booktitle = {Proceedings of the Twenty-Fourth AAAI Conference on Artificial Intelligence}, 
    year      = {2010}, 
}

@inproceedings{Igarashi2010Homotopy2D, 
    author    = { Igarashi, Takeo AND Stilman, Mike}, 
    title     = {{H}omotopic {P}ath {P}lanning on {M}anifolds for {C}abled {M}obile {R}obots}, 
    booktitle = {Proceedings of the The Ninth International Workshop
on the Algorithmic Foundations of Robotics (WAFR)}, 
    year      = {2010}, 
}


@article{Fabbri2008Survey2DEDT,
  title={2{D} {E}uclidean {D}istance {T}ransform {A}lgorithms: {A} {C}omparative {S}urvey},
  author={ Fabbri, R. AND Costa, L. AND Toreni, J. AND Bruno, O. },
  journal={Computing Surveys},
  volume={40},
  pages={2-44},
  year={2008},
  publisher={ACM Association for Computing Machinery}
}

@article{Jaillet2008PathDeformation,
  author    = {Jaillet, Leonard AND
               Sim{\'e}on, Thierry},
  title     = {Path Deformation Roadmaps: Compact Graphs with Useful Cycles
               for Motion Planning},
  journal   = {International Journal of Robotic Research},
  volume    = {27},
  number    = {11-12},
  year      = {2008},
  pages     = {1175-1188},
  ee        = {http://dx.doi.org/10.1177/0278364908098411},
  bibsource = {DBLP, http://dblp.uni-trier.de}
}

@conference{Jones2006Survey3DDT,
  title={3{D} {D}istace fields: {A} {S}urvey of {T}echniques and {A}pplications},
  author={ Jones, M.W. AND Baerentzen, J.A. AND Sramek, M. },
  booktitle={IEEE Transactions on Visualization and Computer Graphics},
  volume={12}, 
  issue={4},
  pages={581-599},
  year={2006}
}

@book{Kirk2004OptimalControl,
  title={{O}ptimal {C}ontrol {T}heory},
  author={Kirk, Donald},
  year={2004},
  publisher={Dover Publications, NY}
}

@techreport{Felzenszwalb2004DT,
  author =       {Felzenszwalb, Pedro AND Huttenlocher, Daniel},
  title =        {{D}istance {T}ransforms of {S}ampled {F}unctions},
  institution =  {Cornell Computing and Information Science Technical Report},
  year =         {2004},
  number =       {TR2004-1963},
}

@inproceedings{Schmitzberger2002Homo2D, 
    author    = { Schmitzberger, E. AND Bouchet, J.L. AND Dufaut, M. AND Wolf, M. AND Husson, R.}, 
    title     = {{C}apture of {H}omotopy {C}lasses with {P}robabilistic {R}oadmap}, 
    booktitle = {Proceedings of the IEEE/RSJ International Conference on Intelligent Robots and Systems (IROS)}, 
    year      = {2002}, 
}

@article{Simeon2000VisibilityPRM,
  author    = {Sim{\'e}on, Thierry AND
               Laumond, Jean-Paul AND
               Nissoux, Carole},
  title     = {{V}isibility-based probabilistic roadmaps for motion planning},
  journal   = {Advanced Robotics},
  volume    = {14},
  number    = {6},
  year      = {2000},
  pages     = {477-493},
  ee        = {http://dx.doi.org/10.1163/156855300741960},
  bibsource = {DBLP, http://dblp.uni-trier.de}
}

@inproceedings{Zelinsky1993Coverage, 
    author    = { Zelinsky, Alex AND Jarvis, Ray AND Byrne, JC AND Yuta, S}, 
    title     = {{P}lanning {P}aths of {C}omplete {C}overage of an {U}nstructured {E}nvironment by a {M}obile {R}obot}, 
    booktitle = {Proceedings of the Sixth International Conference on Advanced Robotics (ICAR)}, 
    year      = {1993}, 
}
